<record><leader>00000cas a22000007a 4500</leader><controlfield tag="001">17335151</controlfield><controlfield tag="008">880112d19361937pauwr ne      0    0eng d</controlfield><datafield ind1=" " ind2=" " tag="010"><subfield code="a">sn 88079008 </subfield></datafield><datafield ind1=" " ind2=" " tag="040"><subfield code="a">NPH</subfield><subfield code="b">eng</subfield><subfield code="c">NPH</subfield><subfield code="d">OCLCQ</subfield></datafield><datafield ind1=" " ind2=" " tag="042"><subfield code="a">msc</subfield></datafield><datafield ind1="0" ind2="0" tag="245"><subfield code="a">Lehigh Valley telegram.</subfield></datafield><datafield ind1=" " ind2=" " tag="260"><subfield code="a">Fountain Hill, Pa. :</subfield><subfield code="b">Peerless Pub. Co.</subfield></datafield><datafield ind1=" " ind2=" " tag="300"><subfield code="a">v. :</subfield><subfield code="b">ill. ;</subfield><subfield code="c">42 cm.</subfield></datafield><datafield ind1=" " ind2=" " tag="310"><subfield code="a">Weekly</subfield></datafield><datafield ind1="1" ind2=" " tag="362"><subfield code="a">Began in Oct. 1936; ceased in 1937?</subfield></datafield><datafield ind1=" " ind2=" " tag="500"><subfield code="a">Published every Friday.</subfield></datafield><datafield ind1=" " ind2=" " tag="588"><subfield code="a">Description based on: Vol. 4, no. 38 (Oct. 30, 1936).</subfield></datafield><datafield ind1=" " ind2=" " tag="752"><subfield code="a">United States</subfield><subfield code="b">Pennsylvania</subfield><subfield code="c">Northampton</subfield><subfield code="d">Fountain Hill.</subfield></datafield><datafield ind1="0" ind2="0" tag="780"><subfield code="t">Lehigh Valley times-telegram</subfield><subfield code="w">(DLC)sn 88079009</subfield></datafield><datafield ind1="0" ind2="0" tag="785"><subfield code="t">Allentown times (Allentown, Pa. : 1937)</subfield><subfield code="w">(DLC)sn 88079007</subfield></datafield></record>